<collection xmlns="http://www.loc.gov/MARC21/slim">
<record>
  <leader>01530nam0a22002771i 450 </leader>
  <controlfield tag="001">IT\ICCU\CNCE\066479</controlfield>
  <controlfield tag="005">20090311000000.0</controlfield>
  <datafield tag="012" ind1=" " ind2=" ">
    <subfield code="a">n.is o-ue e.o. I.i- (S) 1551 (Q)</subfield>
    <subfield code="2">fei</subfield>
  </datafield>
  <datafield tag="100" ind1=" " ind2=" ">
    <subfield code="a">20060907f1551        0itac0103    ba</subfield>
  </datafield>
  <datafield tag="101" ind1=" " ind2=" ">
    <subfield code="a">LAT</subfield>
  </datafield>
  <datafield tag="102" ind1=" " ind2=" ">
    <subfield code="a">IT</subfield>
  </datafield>
  <datafield tag="200" ind1="1" ind2=" ">
    <subfield code="a">Iulius diuina prouidentia papa III Omnes libertates in munitates, et priuilegia a praedecessoribus nostris r.p. concessas vniuersis &amp; singulis ven. praesbyteris secularibus &amp; cuiusuis ordinis regularibus ad quos praesentes literae peruenerint salutem in Domnio, &amp; praesentibus fidem indubiam adhibere ...</subfield>
  </datafield>
  <datafield tag="210" ind1=" " ind2=" ">
    <subfield code="d">\1551?!</subfield>
  </datafield>
  <datafield tag="215" ind1=" " ind2=" ">
    <subfield code="a">1 manifesto</subfield>
    <subfield code="d">atl</subfield>
  </datafield>
  <datafield tag="300" ind1=" " ind2=" ">
    <subfield code="a">Data di emanazione: \Roma!, 1551. - Formula di ammissione dei confratelli nella confraternita dell&apos;Ospedale di S. Spirito in Sassia, ed assoluzione plenaria dei peccati</subfield>
  </datafield>
  <datafield tag="620" ind1=" " ind2=" ">
    <subfield code="a">IT</subfield>
    <subfield code="d">Roma</subfield>
  </datafield>
  <datafield tag="710" ind1="0" ind2="2">
    <subfield code="a">Ospedale di S. Spirito in Sassia</subfield>
    <subfield code="c"> &lt;Roma&gt;</subfield>
    <subfield code="3">3269</subfield>
  </datafield>
  <datafield tag="702" ind1=" " ind2="0">
    <subfield code="a">Iulius</subfield>
    <subfield code="c"> &lt;papa</subfield>
    <subfield code="c"> ; 3.&gt;</subfield>
    <subfield code="3">IT\ICCU\CNCA\003087</subfield>
  </datafield>
  <datafield tag="712" ind1="0" ind2="0">
    <subfield code="a">Blado, Antonio</subfield>
    <subfield code="3">IT\ICCU\CNCT\000157</subfield>
    <subfield code="4">650</subfield>
  </datafield>
  <datafield tag="791" ind1="0" ind2="2">
    <subfield code="a">Arcispedale di S. Spirito in Sassia</subfield>
    <subfield code="c"> &lt;Roma&gt;</subfield>
    <subfield code="3">IT\ICCU\CNCT\003098</subfield>
    <subfield code="z">Ospedale di S. Spirito in Sassia &lt;Roma&gt;</subfield>
  </datafield>
  <datafield tag="790" ind1=" " ind2="1">
    <subfield code="a">Ciocchi Del_Monte,</subfield>
    <subfield code="b">Giovanni Maria</subfield>
    <subfield code="3">IT\ICCU\CNCA\014543</subfield>
    <subfield code="z">Iulius &lt;papa ; 3.&gt;</subfield>
  </datafield>
  <datafield tag="791" ind1="0" ind2="2">
    <subfield code="a">Antonio d&apos;Asola</subfield>
    <subfield code="3">IT\ICCU\CNCT\003628</subfield>
    <subfield code="z">Blado, Antonio</subfield>
  </datafield>
  <datafield tag="791" ind1="0" ind2="0">
    <subfield code="a">Bladus, Antonius</subfield>
    <subfield code="3">IT\ICCU\CNCT\004402</subfield>
    <subfield code="z">Blado, Antonio</subfield>
  </datafield>
  <datafield tag="791" ind1="0" ind2="0">
    <subfield code="a">Bladi, Antonio de</subfield>
    <subfield code="3">IT\ICCU\CNCT\004403</subfield>
    <subfield code="z">Blado, Antonio</subfield>
  </datafield>
  <datafield tag="801" ind1=" " ind2="3">
    <subfield code="a">IT</subfield>
    <subfield code="b">ICCU</subfield>
    <subfield code="c">20201115</subfield>
  </datafield>
  <datafield tag="899" ind1=" " ind2=" ">
    <subfield code="a">Biblioteca nazionale centrale. Roma</subfield>
    <subfield code="1">RM0267</subfield>
    <subfield code="2">BVE CR</subfield>
  </datafield>
</record>
</collection>
